<record><leader>00000cas a22000007a 4500</leader><controlfield tag="001">37575901</controlfield><controlfield tag="008">970905d18951898tnuwr ne      0    0eng d</controlfield><datafield ind1=" " ind2=" " tag="010"><subfield code="a">sn 97065226 </subfield></datafield><datafield ind1=" " ind2=" " tag="040"><subfield code="a">TGN</subfield><subfield code="b">eng</subfield><subfield code="c">TGN</subfield><subfield code="d">OCLCQ</subfield><subfield code="d">OCLCF</subfield><subfield code="d">OCLCO</subfield></datafield><datafield ind1=" " ind2=" " tag="042"><subfield code="a">msc</subfield></datafield><datafield ind1=" " ind2=" " tag="043"><subfield code="a">n-us-tn</subfield></datafield><datafield ind1="0" ind2=" " tag="130"><subfield code="a">Knoxville journal (Knoxville, Tenn. : 1895 : Weekly)</subfield></datafield><datafield ind1="1" ind2="4" tag="245"><subfield code="a">The Knoxville journal.</subfield></datafield><datafield ind1="1" ind2="3" tag="246"><subfield code="a">Knoxville journal weekly edition</subfield></datafield><datafield ind1=" " ind2=" " tag="260"><subfield code="a">Knoxville, Tenn. :</subfield><subfield code="b">Journal Co.,</subfield><subfield code="c">1895-</subfield></datafield><datafield ind1=" " ind2=" " tag="300"><subfield code="a">v.</subfield></datafield><datafield ind1=" " ind2=" " tag="310"><subfield code="a">Weekly</subfield></datafield><datafield ind1="0" ind2=" " tag="362"><subfield code="a">Vol. 11, no. 26 (Aug. 28, 1895)-</subfield></datafield><datafield ind1="1" ind2=" " tag="362"><subfield code="a">Ceased in June 1898?</subfield></datafield><datafield ind1=" " ind2=" " tag="580"><subfield code="a">Merged with: Knoxville weekly tribune (Knoxville, Tenn. : 1877), to form: Weekly journal and tribune.</subfield></datafield><datafield ind1=" " ind2="0" tag="651"><subfield code="a">Knoxville (Tenn.)</subfield><subfield code="v">Newspapers.</subfield></datafield><datafield ind1=" " ind2="0" tag="651"><subfield code="a">Knox County (Tenn.)</subfield><subfield code="v">Newspapers.</subfield></datafield><datafield ind1=" " ind2="7" tag="655"><subfield code="a">Newspapers.</subfield><subfield code="2">fast</subfield><subfield code="0">(OCoLC)fst01423814</subfield></datafield><datafield ind1=" " ind2="7" tag="651"><subfield code="a">Tennessee</subfield><subfield code="z">Knox County.</subfield><subfield code="2">fast</subfield><subfield code="0">(OCoLC)fst01215247</subfield></datafield><datafield ind1=" " ind2="7" tag="651"><subfield code="a">Tennessee</subfield><subfield code="z">Knoxville.</subfield><subfield code="2">fast</subfield><subfield code="0">(OCoLC)fst01206442</subfield></datafield><datafield ind1=" " ind2=" " tag="752"><subfield code="a">United States</subfield><subfield code="b">Tennessee</subfield><subfield code="c">Knox</subfield><subfield code="d">Knoxville.</subfield></datafield><datafield ind1="0" ind2=" " tag="775"><subfield code="t">Knoxville journal (Knoxville, Tenn. : 1886 : Daily)</subfield><subfield code="w">(DLC)sn 85042911</subfield></datafield><datafield ind1="0" ind2="0" tag="780"><subfield code="t">Knoxville weekly journal (Knoxville, Tenn.)</subfield><subfield code="w">(DLC)sn 99065403</subfield></datafield><datafield ind1="1" ind2="7" tag="785"><subfield code="t">Knoxville weekly tribune (Knoxville, Tenn. : 1877)</subfield><subfield code="w">(DLC)sn 84024454</subfield></datafield><datafield ind1="1" ind2="7" tag="785"><subfield code="t">Weekly journal and tribune</subfield><subfield code="w">(DLC)sn 96086904</subfield></datafield></record>